<?xml version="1.0" encoding="UTF-8"?><collection xmlns="http://www.loc.gov/MARC21/slim"><record><leader>00453nam--2200157-i-4500</leader><controlfield tag="001">000010166</controlfield><controlfield tag="002">20161230</controlfield><controlfield tag="005">20170305230155</controlfield><controlfield tag="008">060222s1000------------r-----000-0-eng-d</controlfield><datafield ind1=" " ind2=" " tag="100"><subfield code="a">Cowan, F. P</subfield></datafield><datafield ind1=" " ind2=" " tag="245"><subfield code="a">Health physics problems of high energy accelerators</subfield></datafield><datafield ind1=" " ind2=" " tag="260"><subfield code="a">Springfield</subfield><subfield code="b">Virginia, B.N.L</subfield><subfield code="c">1966</subfield></datafield><datafield ind1=" " ind2=" " tag="300"><subfield code="a">III+14 p</subfield></datafield><datafield ind1=" " ind2=" " tag="490"><subfield code="a">Brook Haven Lecture Series, Number 57, May 18, 1966</subfield></datafield><datafield ind1=" " ind2=" " tag="852"><subfield code="a">621.384.6</subfield></datafield><datafield ind1=" " ind2=" " tag="CAT"><subfield code="a">SYS</subfield><subfield code="c">20170305</subfield><subfield code="h">230155</subfield></datafield></record></collection>